@INPROCEEDINGS{likwid,
author = {G. Hager and G. Wellein and J. Treibig},
booktitle = {2010 39th International Conference on Parallel Processing Workshops(ICPPW)},
title = {LIKWID: A Lightweight Performance-Oriented Tool Suite for x86 Multicore Environments},
year = {2010},
volume = {00},
number = {},
pages = {207-216},
keywords={},
doi = {10.1109/ICPPW.2010.38},
url = {doi.ieeecomputersociety.org/10.1109/ICPPW.2010.38},
ISSN = {1530-2016},
month={09}
}

@inproceedings{jiajia,
 author = {Li, Jiajia and Tan, Guangming and Chen, Mingyu and Sun, Ninghui},
 title = {SMAT: An Input Adaptive Auto-tuner for Sparse Matrix-vector Multiplication},
 booktitle = {Proceedings of the 34th ACM SIGPLAN Conference on Programming Language Design and Implementation},
 series = {PLDI '13},
 year = {2013},
 isbn = {978-1-4503-2014-6},
 location = {Seattle, Washington, USA},
 pages = {117--126},
 numpages = {10},
 url = {http://doi.acm.org/10.1145/2491956.2462181},
 doi = {10.1145/2491956.2462181},
 acmid = {2462181},
 publisher = {ACM},
 address = {New York, NY, USA},
 keywords = {SpMV, algebraic multi-grid, auto-tuning, data mining, sparse matrix-vector multiplication},
} 

@INPROCEEDINGS{yeom, 
author={J. Yeom and J. J. Thiagarajan and A. Bhatele and G. Bronevetsky and T. Kolev}, 
booktitle={2016 7th International Workshop on Performance Modeling, Benchmarking and Simulation of High Performance Computer Systems (PMBS)}, 
title={Data-Driven Performance Modeling of Linear Solvers for Sparse Matrices}, 
year={2016}, 
volume={}, 
number={}, 
pages={32-42}, 
keywords={data structures;learning (artificial intelligence);linear systems;mathematics computing;software libraries;sparse matrices;data-driven performance modeling;linear solvers;sparse matrices;data representation;architectural complexity;scientific code performance;numerical libraries;sparse linear system;machine learning;matrix structure;numerical properties;Sparse matrices;Computational modeling;Numerical models;Predictive models;Symmetric matrices;Linear systems;Adaptation models}, 
doi={10.1109/PMBS.2016.009}, 
ISSN={}, 
month={Nov},}

@InProceedings{chill,
author="Hall, Mary
and Chame, Jacqueline
and Chen, Chun
and Shin, Jaewook
and Rudy, Gabe
and Khan, Malik Murtaza",
editor="Gao, Guang R.
and Pollock, Lori L.
and Cavazos, John
and Li, Xiaoming",
title="Loop Transformation Recipes for Code Generation and Auto-Tuning",
booktitle="Languages and Compilers for Parallel Computing",
year="2010",
publisher="Springer Berlin Heidelberg",
address="Berlin, Heidelberg",
pages="50--64",
isbn="978-3-642-13374-9"
}

@article{poet,
 author = {Yi, Qing},
 title = {POET: A Scripting Language for Applying Parameterized Source-to-source Program Transformations},
 journal = {Softw. Pract. Exper.},
 issue_date = {June 2012},
 volume = {42},
 number = {6},
 month = jun,
 year = {2012},
 issn = {0038-0644},
 pages = {675--706},
 numpages = {32},
 url = {http://dx.doi.org/10.1002/spe.1089},
 doi = {10.1002/spe.1089},
 acmid = {2232973},
 publisher = {John Wiley \& Sons, Inc.},
 address = {New York, NY, USA},
 keywords = {compiler optimization, source-to-source translators, transformation language},
}

@InProceedings{specomp2012,
author="M{\"u}ller, Matthias S.
and Baron, John
and Brantley, William C.
and Feng, Huiyu
and Hackenberg, Daniel
and Henschel, Robert
and Jost, Gabriele
and Molka, Daniel
and Parrott, Chris
and Robichaux, Joe
and Shelepugin, Pavel
and van Waveren, Matthijs
and Whitney, Brian
and Kumaran, Kalyan",
editor="Chapman, Barbara M.
and Massaioli, Federico
and M{\"u}ller, Matthias S.
and Rorro, Marco",
title="SPEC OMP2012 --- An Application Benchmark Suite for Parallel Systems Using OpenMP",
booktitle="OpenMP in a Heterogeneous World",
year="2012",
publisher="Springer Berlin Heidelberg",
address="Berlin, Heidelberg",
pages="223--236",
isbn="978-3-642-30961-8"
}

@Article{milepostgcc,
author="Fursin, Grigori and Kashnikov, Yuriy and Memon, Abdul Wahid
and Chamski, Zbigniew and Temam, Olivier and Namolaru, Mircea and
Yom-Tov, Elad and Mendelson, Bilha and Zaks, Ayal and Courtois, Eric
and Bodin, Francois and Barnard, Phil and Ashton, Elton and Bonilla,
Edwin and Thomson, John and Williams, Christopher K. I. and O'Boyle, Michael",
title="Milepost GCC: Machine Learning Enabled Self-tuning Compiler",
journal="International Journal of Parallel Programming",
year="2011",
month="Jun",
day="01",
volume="39",
number="3",
pages="296--327",
issn="1573-7640",
doi="10.1007/s10766-010-0161-2",
url="https://doi.org/10.1007/s10766-010-0161-2"
}

@article{mica,
 author = {Hoste, Kenneth and Eeckhout, Lieven},
 title = {Microarchitecture-Independent Workload Characterization},
 journal = {IEEE Micro},
 issue_date = {May 2007},
 volume = {27},
 number = {3},
 month = may,
 year = {2007},
 issn = {0272-1732},
 pages = {63--72},
 numpages = {10},
 url = {http://dx.doi.org/10.1109/MM.2007.56},
 doi = {10.1109/MM.2007.56},
 acmid = {1308571},
 publisher = {IEEE Computer Society Press},
 address = {Los Alamitos, CA, USA},
 keywords = {measurement techniques, measurement techniques, modeling techniques, performance attributes, workload characterization, modeling techniques, performance attributes, workload characterization},
}

@article{cobayn,
 author = {Ashouri, Amir Hossein and Mariani, Giovanni and Palermo, Gianluca and Park, Eunjung and Cavazos, John and Silvano, Cristina},
 title = {COBAYN: Compiler Autotuning Framework Using Bayesian Networks},
 journal = {ACM Trans. Archit. Code Optim.},
 issue_date = {June 2016},
 volume = {13},
 number = {2},
 month = jun,
 year = {2016},
 issn = {1544-3566},
 pages = {21:1--21:25},
 articleno = {21},
 numpages = {25},
 url = {http://doi.acm.org/10.1145/2928270},
 doi = {10.1145/2928270},
 acmid = {2928270},
 publisher = {ACM},
 address = {New York, NY, USA},
 keywords = {Bayesian networks, design space exploration, statistical inference},
}

@MISC{iterativecompilation,
author = {T. Kisuki and P.M.W. Knijnenburg and M.F.P. O'Boyle and H. A. G. Wijshoff},
title = {Iterative Compilation in Program optimization},
year = {2000}
}
@INPROCEEDINGS{6662511,
author={M. R. Jantz and P. A. Kulkarni},
booktitle={2013 International Conference on Compilers, Architecture and Synthesis for Embedded Systems (CASES)},
title={Exploiting phase inter-dependencies for faster iterative compiler optimization phase order searches},
year={2013},
pages={1-10},
keywords={genetic algorithms;heuristic programming;optimising compilers;search problems;benchmark functions;compiler optimization research;distinct phase sequences;exhaustive phase order search space size;genetic algorithm based heuristic search;heuristic approaches;iterative compiler optimization phase;large phase order search spaces;multistage search algorithms;near-optimal phase ordering performance;order searches;phase inter-dependencies;quality code;search space reduction;Algorithm design and analysis;Benchmark testing;Hardware;Heuristic algorithms;Optimization;Registers;Search problems;iterative compilation;optimization ordering;search space pruning},
doi={10.1109/CASES.2013.6662511},
month={Sept},}

@inproceedings{Garciarena:2016:EOC:2908961.2931696,
 author = {Garciarena, Unai and Santana, Roberto},
 title = {Evolutionary Optimization of Compiler Flag Selection by Learning and Exploiting Flags Interactions},
 booktitle = {Proceedings of the 2016 on Genetic and Evolutionary Computation Conference Companion},
 series = {GECCO '16 Companion},
 year = {2016},
 isbn = {978-1-4503-4323-7},
 location = {Denver, Colorado, USA},
 pages = {1159--1166},
 numpages = {8},
 url = {http://doi.acm.org/10.1145/2908961.2931696},
 doi = {10.1145/2908961.2931696},
 acmid = {2931696},
 publisher = {ACM},
 address = {New York, NY, USA},
 keywords = {compiler flag selection, compiler optimization, edas, probabilistic modeling},
}

@INPROCEEDINGS{6962349,
author={A. H. Ashouri and G. Mariani and G. Palermo and C. Silvano},
booktitle={2014 IEEE 12th Symposium on Embedded Systems for Real-time Multimedia (ESTIMedia)},
title={A Bayesian network approach for compiler auto-tuning for embedded processors},
year={2014},
pages={90-97},
keywords={belief networks;computer architecture;electronic engineering computing;embedded systems;learning (artificial intelligence);microprocessor chips;optimisation;program compilers;statistical distributions;ARM platform;Bayesian network;GCC transformation space;application code porting;application code tuning;compiler auto-tuning;compiler transformations;complex probability distribution function;cost reduction;embedded architectures;embedded processors;machine-learning approach;microarchitecture;standard optimization options;Bayes methods;Network topology;Optimization;Probability distribution;Program processors;Training;Vectors},
doi={10.1109/ESTIMedia.2014.6962349},
ISSN={2325-1271},
month={Oct},}

@INPROCEEDINGS{1611549,
author={F. Agakov and E. Bonilla and J. Cavazos and B. Franke and G. Fursin and M. F. P. O'Boyle and J. Thomson and M. Toussaint and C. K. I. Williams},
booktitle={International Symposium on Code Generation and Optimization (CGO'06)},
title={Using machine learning to focus iterative optimization},
year={2006},
pages={11 pp.-},
keywords={iterative methods;learning (artificial intelligence);optimising compilers;AMD Au1500;Markov model;Texas Instrument C67I3;compiler infrastructure;iterative compiler optimization;machine learning;search algorithm;search space;Costs;Instruments;Iterative algorithms;Iterative methods;Machine learning;Machine learning algorithms;Optimization methods;Optimizing compilers;Predictive models;Shape},
doi={10.1109/CGO.2006.37},
month={March},}

@inproceedings{powerTuner,
 author = {Gholkar, Neha and Mueller, Frank and Rountree, Barry},
 title = {Power Tuning HPC Jobs on Power-Constrained Systems},
 booktitle = {Proceedings of the 2016 International Conference on Parallel Architectures and Compilation},
 series = {PACT '16},
 year = {2016},
 isbn = {978-1-4503-4121-9},
 location = {Haifa, Israel},
 pages = {179--191},
 numpages = {13},
 url = {http://doi.acm.org/10.1145/2967938.2967961},
 doi = {10.1145/2967938.2967961},
 acmid = {2967961},
 publisher = {ACM},
 address = {New York, NY, USA},
 keywords = {performance variation, power-constrained computing},
}

@inproceedings{Cavazos:2007:RSG:1251974.1252540,
 author = {Cavazos, John and Fursin, Grigori and Agakov, Felix and Bonilla, Edwin and O'Boyle, Michael F. P. and Temam, Olivier},
 title = {Rapidly Selecting Good Compiler Optimizations Using Performance Counters},
 booktitle = {Proceedings of the International Symposium on Code Generation and Optimization},
 series = {CGO '07},
 year = {2007},
 isbn = {0-7695-2764-7},
 pages = {185--197},
 numpages = {13},
 url = {http://dx.doi.org/10.1109/CGO.2007.32},
 doi = {10.1109/CGO.2007.32},
 acmid = {1252540},
 publisher = {IEEE Computer Society},
 address = {Washington, DC, USA},
}

@inproceedings{frank2013,
 author = {Mueller, Frank and Zhang, Yongpeng},
 title = {Hidp: A Hierarchical Data Parallel Language},
 booktitle = {Proceedings of the 2013 IEEE/ACM International Symposium on Code Generation and Optimization (CGO)},
 series = {CGO '13},
 year = {2013},
 isbn = {978-1-4673-5524-7},
 pages = {1--11},
 numpages = {11},
 url = {http://dx.doi.org/10.1109/CGO.2013.6494994},
 doi = {10.1109/CGO.2013.6494994},
 acmid = {2495912},
 publisher = {IEEE Computer Society},
 address = {Washington, DC, USA},
}

@INPROCEEDINGS{4625477,
author={San-Chih Lin and Chi-Kuang Chang and Nai-Wei Lin},
booktitle={2008 13th Asia-Pacific Computer Systems Architecture Conference},
title={Automatic selection of GCC optimization options using a gene weighted genetic algorithm},
year={2008},
pages={1-8},
keywords={genetic algorithms;program compilers;GCC optimization;automatic selection;gene weighted genetic algorithm;optimization level;optimization options;program compilers;Feedback;Genetic algorithms;Optimizing compilers;Program processors},
doi={10.1109/APCSAC.2008.4625477},
month={Aug},}

@incollection{grandstrand:2004,
      author      = "P.J. Joseph and Matthew T. Jacob and Y.N. Srikant and Kapil Vaswani",
      title       = "Statistical and Machine Learning Techniques in Compiler Design",
      editor      = "Y.N. Srikant and Priti Shankar",
      booktitle   = "The Compiler Design Handbook: Optimizations and Machine Code Generation, Second Edition",
      publisher   = "CRC Press",
      address     = "Boca Raton, Florida USA",
      year        = 2007,
      pages       = "220-251",
      chapter     = 8,
    }

@inproceedings{frank2012,
 author = {Zhang, Yongpeng and Mueller, Frank},
 title = {Auto-generation and Auto-tuning of 3D Stencil Codes on GPU Clusters},
 booktitle = {Proceedings of the Tenth International Symposium on Code Generation and Optimization},
 series = {CGO '12},
 year = {2012},
 isbn = {978-1-4503-1206-6},
 location = {San Jose, California},
 pages = {155--164},
 numpages = {10},
 url = {http://doi.acm.org/10.1145/2259016.2259037},
 doi = {10.1145/2259016.2259037},
 acmid = {2259037},
 publisher = {ACM},
 address = {New York, NY, USA},
}

@inproceedings{energyTuner,
 author = {Tiwari, Ananta and Laurenzano, Michael A. and Carrington, Laura and Snavely, Allan},
 title = {Auto-tuning for Energy Usage in Scientific Applications},
 booktitle = {Proceedings of the 2011 International Conference on Parallel Processing - Volume 2},
 series = {Euro-Par'11},
 year = {2012},
 isbn = {978-3-642-29739-7},
 location = {Bordeaux, France},
 pages = {178--187},
 numpages = {10},
 url = {http://dx.doi.org/10.1007/978-3-642-29740-3_21},
 doi = {10.1007/978-3-642-29740-3_21},
 acmid = {2238460},
 publisher = {Springer-Verlag},
 address = {Berlin, Heidelberg},
}
@INPROCEEDINGS{cluster2016,
author={M. A. S. Bari and N. Chaimov and A. M. Malik and K. A. Huck and B. Chapman and A. D. Malony and O. Sarood},
booktitle={2016 IEEE International Conference on Cluster Computing (CLUSTER)},
title={ARCS: Adaptive Runtime Configuration Selection for Power-Constrained OpenMP Applications},
year={2016},
volume={},
number={},
pages={461-470},
month={Sept},}

@inproceedings{sc04oliver,
  author    = {David Parello and
               Olivier Temam and
               Albert Cohen and
               Jean{-}Marie Verdun},
  title     = {Towards a Systematic, Pragmatic and Architecture-Aware Program Optimization
               Process for Complex Processors},
  booktitle = {Proceedings of the {ACM/IEEE} {SC2004} Conference on High Performance
               Networking and Computing, 6-12 November 2004, Pittsburgh, PA, USA,
               CD-Rom},
  pages     = {15},
  year      = {2004},
  url       = {https://doi.org/10.1109/SC.2004.61},
  doi       = {10.1109/SC.2004.61},
  timestamp = {Tue, 23 May 2017 01:07:26 +0200},
  biburl    = {http://dblp.org/rec/bib/conf/sc/ParelloTCV04},
  bibsource = {dblp computer science bibliography, http://dblp.org}
}

@inproceedings{sc2017,
 author = {Sourouri, Mohammed and Raknes, Espen Birger and Reissmann, Nico and Langguth, Johannes and Hackenberg, Daniel and Sch\"{o}ne, Robert and Kjeldsberg, Per Gunnar},
 title = {Towards Fine-grained Dynamic Tuning of HPC Applications on Modern Multi-core Architectures},
 booktitle = {Proceedings of the International Conference for High Performance Computing, Networking, Storage and Analysis},
 series = {SC '17},
 year = {2017},
 isbn = {978-1-4503-5114-0},
 location = {Denver, Colorado},
 pages = {41:1--41:12},
 articleno = {41},
 numpages = {12},
 url = {http://doi.acm.org/10.1145/3126908.3126945},
 doi = {10.1145/3126908.3126945},
 acmid = {3126945},
 publisher = {ACM},
 address = {New York, NY, USA},
 keywords = {autotuning, dynamic tuning, dynamic voltage and frequency scaling, energy-efficiency, high performance computing},
}

@inproceedings{Chen:2010:EIO:1806596.1806647,
 author = {Chen, Yang and Huang, Yuanjie and Eeckhout, Lieven and Fursin, Grigori and Peng, Liang and Temam, Olivier and Wu, Chengyong},
 title = {Evaluating Iterative Optimization Across 1000 Datasets},
 booktitle = {Proceedings of the 31st ACM SIGPLAN Conference on Programming Language Design and Implementation},
 series = {PLDI '10},
 year = {2010},
 isbn = {978-1-4503-0019-3},
 location = {Toronto, Ontario, Canada},
 pages = {448--459},
 numpages = {12},
 url = {http://doi.acm.org/10.1145/1806596.1806647},
 doi = {10.1145/1806596.1806647},
 acmid = {1806647},
 publisher = {ACM},
 address = {New York, NY, USA},
 keywords = {benchmarking, compiler optimization, iterative optimization},
}

@inproceedings{Kulkarni:2004:FSE:996841.996863,
 author = {Kulkarni, Prasad and Hines, Stephen and Hiser, Jason and Whalley, David and Davidson, Jack and Jones, Douglas},
 title = {Fast Searches for Effective Optimization Phase Sequences},
 booktitle = {Proceedings of the ACM SIGPLAN 2004 Conference on Programming Language Design and Implementation},
 series = {PLDI '04},
 year = {2004},
 isbn = {1-58113-807-5},
 location = {Washington DC, USA},
 pages = {171--182},
 numpages = {12},
 url = {http://doi.acm.org/10.1145/996841.996863},
 doi = {10.1145/996841.996863},
 acmid = {996863},
 publisher = {ACM},
 address = {New York, NY, USA},
 keywords = {genetic algorithms, interactive compilation, phase ordering},
}

@article{micomp,
 author = {Ashouri, Amir H. and Bignoli, Andrea and Palermo, Gianluca and Silvano, Cristina and Kulkarni, Sameer and Cavazos, John},
 title = {MiCOMP: Mitigating the Compiler Phase-Ordering Problem Using Optimization Sub-Sequences and Machine Learning},
 journal = {ACM Trans. Archit. Code Optim.},
 issue_date = {September 2017},
 volume = {14},
 number = {3},
 month = sep,
 year = {2017},
 issn = {1544-3566},
 pages = {29:1--29:28},
 articleno = {29},
 numpages = {28},
 url = {http://doi.acm.org/10.1145/3124452},
 doi = {10.1145/3124452},
 acmid = {3124452},
 publisher = {ACM},
 address = {New York, NY, USA},
 keywords = {Autotuning, optimizations, phase-ordering, supervised-learning},
}

@inproceedings{Nobre:2016:GIC:2907950.2907959,
 author = {Nobre, Ricardo and Martins, Luiz G. A. and Cardoso, Jo\~{a}o M. P.},
 title = {A Graph-based Iterative Compiler Pass Selection and Phase Ordering Approach},
 booktitle = {Proceedings of the 17th ACM SIGPLAN/SIGBED Conference on Languages, Compilers, Tools, and Theory for Embedded Systems},
 series = {LCTES 2016},
 year = {2016},
 isbn = {978-1-4503-4316-9},
 location = {Santa Barbara, CA, USA},
 pages = {21--30},
 numpages = {10},
 url = {http://doi.acm.org/10.1145/2907950.2907959},
 doi = {10.1145/2907950.2907959},
 acmid = {2907959},
 publisher = {ACM},
 address = {New York, NY, USA},
 keywords = {Phase-ordering, compilers, design space exploration},
}

@inproceedings{Vaswani:2007:MSE:1251974.1252536,
 author = {Vaswani, Kapil and Thazhuthaveetil, Matthew J. and Srikant, Y. N. and Joseph, P. J.},
 title = {Microarchitecture Sensitive Empirical Models for Compiler Optimizations},
 booktitle = {Proceedings of the International Symposium on Code Generation and Optimization},
 series = {CGO '07},
 year = {2007},
 isbn = {0-7695-2764-7},
 pages = {131--143},
 numpages = {13},
 url = {http://dx.doi.org/10.1109/CGO.2007.25},
 doi = {10.1109/CGO.2007.25},
 acmid = {1252536},
 publisher = {IEEE Computer Society},
 address = {Washington, DC, USA},
}

@INPROCEEDINGS{6687412,
author={A. Ramachandran and J. Vienne and R. V. D. Wijngaart and L. Koesterke and I. Sharapov},
booktitle={2013 42nd International Conference on Parallel Processing},
title={Performance Evaluation of NAS Parallel Benchmarks on Intel Xeon Phi},
year={2013},
pages={736-743},
keywords={microprocessor chips;optimisation;parallel processing;performance evaluation;Intel new Xeon Phi coprocessor;NAS parallel benchmarks;NPB-OpenMP version;OpenMP parallel loops;Xeon Phi architecture;optimization techniques;parallel systems;performance evaluation;Benchmark testing;Bridges;Computer architecture;Hardware;Instruction sets;Optimization;Vectors;Multicore processing;Parallel programming;Performance analysis},
doi={10.1109/ICPP.2013.87},
ISSN={0190-3918},
month={Oct},}

@article{jin1999openmp,
  title={The OpenMP implementation of NAS parallel benchmarks and its performance},
  author={Jin, Hao-Qiang and Frumkin, Michael and Yan, Jerry},
  year={1999}
}

@article{cern2012,
  title={A study on compiler flags and performance events},
  author={Mirela-Madalina Botezatu, Andrzej Nowak},
  year={2012},
  month={Sept}
}

@article{icc17manual,
  title={Intel\textregistered C++ Compiler 17.0 Developer Guide and Reference},
  author={Intel Corporation},
  year={2016}
}

@inbook{Zhao2015,
address = {Cham},
author = {Zhao, Bo and Gao, Wei and Zhao, Rongcai and Han, Lin and Sun, Huihui and Li, Yingying},
booktitle = {Big Data Computing and Communications: First International Conference, BigCom 2015, Taiyuan, China, August 1-3, 2015, Proceedings},
doi = {10.1007/978-3-319-22047-5_21},
editor = {Wang, Yu and Xiong, Hui and Argamon, Shlomo and Li, XiangYang and Li, JianZhong},
isbn = {978-3-319-22047-5},
pages = {257--272},
publisher = {Springer International Publishing},
title = {{Performance Evaluation of NPB and SPEC CPU2006 on Various SIMD Extensions}},
url = {http://dx.doi.org/10.1007/978-3-319-22047-5{\_}21},
year = {2015}
}

@Inbook{Ghosh2003,
author="Ghosh, Somnath
and Kanhere, Abhay
and Krishnaiyer, Rakesh
and Kulkarni, Dattatraya
and Li, Wei
and Lim, Chu-Cheow
and Ng, John",
editor="Hedin, G{\"o}rel",
title="Integrating High-Level Optimizations in a Production Compiler: Design and Implementation Experience",
bookTitle="Compiler Construction: 12th International Conference, CC 2003 Held as Part of the Joint European Conferences on Theory and Practice of Software, ETAPS 2003 Warsaw, Poland, April 7--11, 2003 Proceedings",
year="2003",
publisher="Springer Berlin Heidelberg",
address="Berlin, Heidelberg",
pages="303--319",
isbn="978-3-540-36579-2",
doi="10.1007/3-540-36579-6_22",
url="http://dx.doi.org/10.1007/3-540-36579-6_22"
}

@misc{iccknl,
  title =  {Intel\textregistered Compiler Features + Performance Tips},
  author =   {Rakesh Krishnaiyer},
  howpublished = {\url{https://www.nersc.gov/assets/IntelCompilerNERSC.201505013.pdf}},
  year =   2015,
  month =  May
}

@misc{pgo,
  title =  {Profile-Guided Optimizations Overview},
  author =   {Intel},
  howpublished = {\url{https://software.intel.com/en-us/node/522721}},
  year =   2018,
  month =  Oct
}

@misc{cbench,
  title =  {Shared programs, benchmarks and kernels for autotuning/crowd-tuning},
  author =   {Grigori Fursin},
  howpublished = {\url{https://github.com/ctuning/ctuning-programs}},
  year =   2018,
  month =  May
}

@misc{lto,
  title =  {Interprocedural Optimization (IPO) Overview},
  author =   {Intel Corporation},
  howpublished = {\url{https://software.intel.com/en-us/node/522667}},
  year =   2018,
  month =  Feb
}

@misc{iccOpt,
  title =  {Step by Step Performance Optimization with Intel® C++ Compiler},
  author =   {Intel Corporation},
  howpublished = {\url{https://software.intel.com/en-us/articles/step-by-step-optimizing-with-intel-c-compiler}},
  year =   2018,
  month =  April
}

@misc{cloverleaf,
  title =  {Cloverleaf mini-apps},
  author =   {UK-MAC},
  howpublished = {\url{http://uk-mac.github.io/CloverLeaf/}},
  year =   2018,
  month =  April
}

@misc{amg2013,
  title =  {AMG2013},
  author =   {Lawrence Livermore National Lab},
  howpublished = {\url{https://codesign.llnl.gov/amg2013.php}},
  year =   2018,
  month =  April
}

@misc{lto2,
  title =  {GCC Link-time optimization},
  author =   {GCC wiki},
  howpublished = {\url{https://gcc.gnu.org/wiki/LinkTimeOptimization}},
  year =   2018,
  month =  Feb
}

@misc{icc2011,
  title =  {Intel\textregistered Compiler Options and Optimizations},
  author =   {Intel Corporation},
  howpublished = {\url{https://wiki.scinet.utoronto.ca/wiki/images/7/77/Snug_techtalk_compiler.pdf}},
  year =   2011,
  month =  Dec
}

@inproceedings{activeHarmony,
 author = {\c{T}\u{a}pu\c{s}, Cristian and Chung, I-Hsin and Hollingsworth, Jeffrey K.},
 title = {Active Harmony: Towards Automated Performance Tuning},
 booktitle = {Proceedings of the 2002 ACM/IEEE Conference on Supercomputing},
 series = {SC '02},
 year = {2002},
 isbn = {0-7695-1524-X},
 location = {Baltimore, Maryland},
 pages = {1--11},
 numpages = {11},
 url = {http://dl.acm.org/citation.cfm?id=762761.762771},
 acmid = {762771},
 publisher = {IEEE Computer Society Press},
 address = {Los Alamitos, CA, USA},
}

@article{Hall:2009:CRN:1461928.1461946,
 author = {Hall, Mary and Padua, David and Pingali, Keshav},
 title = {Compiler Research: The Next 50 Years},
 journal = {Commun. ACM},
 issue_date = {February 2009},
 volume = {52},
 number = {2},
 month = feb,
 year = {2009},
 issn = {0001-0782},
 pages = {60--67},
 numpages = {8},
 url = {http://doi.acm.org/10.1145/1461928.1461946},
 doi = {10.1145/1461928.1461946},
 acmid = {1461946},
 publisher = {ACM},
 address = {New York, NY, USA},
}

@inproceedings{Leather:2009:AFG:1545006.1545059,
 author = {Leather, Hugh and Bonilla, Edwin and O'Boyle, Michael},
 title = {Automatic Feature Generation for Machine Learning Based Optimizing Compilation},
 booktitle = {Proceedings of the 7th Annual IEEE/ACM International Symposium on Code Generation and Optimization},
 series = {CGO '09},
 year = {2009},
 isbn = {978-0-7695-3576-0},
 pages = {81--91},
 numpages = {11},
 url = {http://dx.doi.org/10.1109/CGO.2009.21},
 doi = {10.1109/CGO.2009.21},
 acmid = {1545059},
 publisher = {IEEE Computer Society},
 address = {Washington, DC, USA},
}

@inproceedings{opentuner,
 author = {Ansel, Jason and Kamil, Shoaib and Veeramachaneni, Kalyan and Ragan-Kelley, Jonathan and Bosboom, Jeffrey and O'Reilly, Una-May and Amarasinghe, Saman},
 title = {OpenTuner: An Extensible Framework for Program Autotuning},
 booktitle = {Proceedings of the 23rd International Conference on Parallel Architectures and Compilation},
 series = {PACT '14},
 year = {2014},
 isbn = {978-1-4503-2809-8},
 location = {Edmonton, AB, Canada},
 pages = {303--316},
 numpages = {14},
 url = {http://doi.acm.org/10.1145/2628071.2628092},
 doi = {10.1145/2628071.2628092},
 acmid = {2628092},
 publisher = {ACM},
 address = {New York, NY, USA},
 keywords = {autotuner, optimization},
}

@INPROCEEDINGS{LULESH,
AUTHOR="Ian Karlin and Abhinav Bhatele and Jeff Keasler and Bradford L. Chamberlain and Jonathan Cohen and Zachary DeVito and Riyaz Haque and Dan Laney and Edward Luke and Felix Wang and David Richards and Martin Schulz and Charles Still",
TITLE="Exploring Traditional and Emerging Parallel Programming Models using a Proxy Application",
BOOKTITLE="27th IEEE International Parallel \& Distributed Processing Symposium (IEEE IPDPS 2013)",
ADDRESS="Boston, USA",
MONTH=may,
YEAR=2013
}

@INPROCEEDINGS{caliper,
author={D. Boehme and T. Gamblin and D. Beckingsale and P. T. Bremer and A. Gimenez and M. LeGendre and O. Pearce and M. Schulz},
booktitle={SC16: International Conference for High Performance Computing, Networking, Storage and Analysis},
title={Caliper: Performance Introspection for HPC Software Stacks},
year={2016},
volume={},
number={},
pages={550-560},
doi={10.1109/SC.2016.46},
ISSN={},
month={Nov},}

@inproceedings{Tiwari:2009:SAF:1586640.1587552,
 author = {Tiwari, Ananta and Chen, Chun and Chame, Jacqueline and Hall, Mary and Hollingsworth, Jeffrey K.},
 title = {A Scalable Auto-tuning Framework for Compiler Optimization},
 booktitle = {Proceedings of the 2009 IEEE International Symposium on Parallel\&Distributed Processing},
 series = {IPDPS '09},
 year = {2009},
 isbn = {978-1-4244-3751-1},
 pages = {1--12},
 numpages = {12},
 url = {http://dx.doi.org/10.1109/IPDPS.2009.5161054},
 doi = {10.1109/IPDPS.2009.5161054},
 acmid = {1587552},
 publisher = {IEEE Computer Society},
 address = {Washington, DC, USA},
}

@inproceedings{Muralidharan:2016:ACV:2872362.2872411,
 author = {Muralidharan, Saurav and Roy, Amit and Hall, Mary and Garland, Michael and Rai, Piyush},
 title = {Architecture-Adaptive Code Variant Tuning},
 booktitle = {Proceedings of the Twenty-First International Conference on Architectural Support for Programming Languages and Operating Systems},
 series = {ASPLOS '16},
 year = {2016},
 isbn = {978-1-4503-4091-5},
 location = {Atlanta, Georgia, USA},
 pages = {325--338},
 numpages = {14},
 url = {http://doi.acm.org/10.1145/2872362.2872411},
 doi = {10.1145/2872362.2872411},
 acmid = {2872411},
 publisher = {ACM},
 address = {New York, NY, USA},
 keywords = {autotuning, cross-architectural tuning, device feature selection, input-adaptive, multi-task learning},
}

@INPROCEEDINGS{5161004,
author={A. Hartono and B. Norris and P. Sadayappan},
booktitle={2009 IEEE International Symposium on Parallel Distributed Processing},
title={Annotation-based empirical performance tuning using Orio},
year={2009},
pages={1-11},
keywords={codes;optimisation;software architecture;Orio;Pluto automatic parallelization tool;annotation processing infrastructure;annotation-based empirical performance tuning;code optimizations;dense array;high-performance architecture;maintainability;performance optimizations;readability;software developers;sparse matrix operations;Computer architecture;Design optimization;Kernel;Performance evaluation;Pluto;Process design;Production;Productivity;Software performance;Sparse matrices},
doi={10.1109/IPDPS.2009.5161004},
ISSN={1530-2075},
month={May},}

@inproceedings{Cavazos:2006:MDC:1167473.1167492,
 author = {Cavazos, John and O'Boyle, Michael F. P.},
 title = {Method-specific Dynamic Compilation Using Logistic Regression},
 booktitle = {Proceedings of the 21st Annual ACM SIGPLAN Conference on Object-oriented Programming Systems, Languages, and Applications},
 series = {OOPSLA '06},
 year = {2006},
 isbn = {1-59593-348-4},
 location = {Portland, Oregon, USA},
 pages = {229--240},
 numpages = {12},
 url = {http://doi.acm.org/10.1145/1167473.1167492},
 doi = {10.1145/1167473.1167492},
 acmid = {1167492},
 publisher = {ACM},
 address = {New York, NY, USA},
 keywords = {Java, Jikes RVM, compiler optimization, logistic regression, machine learning},
}

@inproceedings{Sanchez:2011:UML:2190025.2190072,
 author = {Sanchez, Ricardo Nabinger and Amaral, Jose Nelson and Szafron, Duane and Pirvu, Marius and Stoodley, Mark},
 title = {Using Machines to Learn Method-specific Compilation Strategies},
 booktitle = {Proceedings of the 9th Annual IEEE/ACM International Symposium on Code Generation and Optimization},
 series = {CGO '11},
 year = {2011},
 isbn = {978-1-61284-356-8},
 pages = {257--266},
 numpages = {10},
 url = {http://dl.acm.org/citation.cfm?id=2190025.2190072},
 acmid = {2190072},
 publisher = {IEEE Computer Society},
 address = {Washington, DC, USA},
}

@inproceedings{Kulkarni:2012:MCO:2384616.2384628,
 author = {Kulkarni, Sameer and Cavazos, John},
 title = {Mitigating the Compiler Optimization Phase-ordering Problem Using Machine Learning},
 booktitle = {Proceedings of the ACM International Conference on Object Oriented Programming Systems Languages and Applications},
 series = {OOPSLA '12},
 year = {2012},
 isbn = {978-1-4503-1561-6},
 location = {Tucson, Arizona, USA},
 pages = {147--162},
 numpages = {16},
 url = {http://doi.acm.org/10.1145/2384616.2384628},
 doi = {10.1145/2384616.2384628},
 acmid = {2384628},
 publisher = {ACM},
 address = {New York, NY, USA},
 keywords = {compiler optimization, java, jikes rvm, machine learning, neural networks, phase ordering, source code feature generation},
}
@inproceedings{PanE06,
author = {Pan, Zhelong and Eigenmann, Rudolf},
booktitle = {Fourth {\{}IEEE/ACM{\}} International Symposium on Code Generation and Optimization {\{}(CGO{\}} 2006), 26-29 March 2006, New York, New York, {\{}USA{\}}},
doi = {10.1109/CGO.2006.38},
pages = {319--332},
title = {{Fast and Effective Orchestration of Compiler Optimizations for Automatic Performance Tuning}},
url = {http://dx.doi.org/10.1109/CGO.2006.38},
year = {2006}
}

@article{FursinMGL15,
  author    = {Grigori Fursin and
               Abdul Wahid Memon and
               Christophe Guillon and
               Anton Lokhmotov},
  title     = {Collective Mind, Part {II:} Towards Performance- and Cost-Aware Software
               Engineering as a Natural Science},
  journal   = {CoRR},
  volume    = {abs/1506.06256},
  year      = {2015},
  url       = {http://arxiv.org/abs/1506.06256},
  archivePrefix = {arXiv},
  eprint    = {1506.06256},
  timestamp = {Wed, 07 Jun 2017 14:43:02 +0200},
  biburl    = {http://dblp.org/rec/bib/journals/corr/FursinMGL15},
  bibsource = {dblp computer science bibliography, http://dblp.org}
}

@INPROCEEDINGS{1611551,
author={Zhelong Pan and R. Eigenmann},
booktitle={International Symposium on Code Generation and Optimization (CGO'06)},
title={Fast and effective orchestration of compiler optimizations for automatic performance tuning},
year={2006},
pages={12 pp.-},
keywords={optimising compilers;search problems;automatic performance tuning;combined elimination;compiler optimizations;exponential search space;feedback-directed optimization orchestration algorithms;Algorithm design and analysis;Binary codes;Convergence;Degradation;Iterative algorithms;Optimizing compilers;Program processors;Statistical analysis;Upper bound},
doi={10.1109/CGO.2006.38},
month={March},}

@INPROCEEDINGS{1191546,
author={S. Triantafyllis and M. Vachharajani and N. Vachharajani and D. I. August},
booktitle={International Symposium on Code Generation and Optimization, 2003. CGO 2003.},
title={Compiler optimization-space exploration},
year={2003},
pages={204-215},
keywords={heuristic programming;optimising compilers;IA-64;OSE;Optimization-Space Exploration compiler organization;SPEC codes;aggressively optimizing production compiler;average code quality;code segment;code transformations;compile time performance estimator;compiler optimization-space exploration;compiler writers;complex transformation algorithms;conservative heuristics;general-purpose compilers;high variance optimizations;hot code segments;individual code segments;iterative compilation strategy;iterative compilation techniques;missed optimization opportunities;optimizing compilers;performance improvement;predictive heuristics;target benchmark set;wide-issue machines;Computer architecture;Computer science;Cost function;Degradation;Microarchitecture;Optimizing compilers;Parallel processing;Performance gain;Production;Resource management},
doi={10.1109/CGO.2003.1191546},
month={March},}

@INPROCEEDINGS{1348305,
author={R. P. J. Pinkers and P. M. W. Knijnenburg and M. Haneda and H. A. G. Wijshoff},
booktitle={Modeling, Analysis, and Simulation of Computer and Telecommunications Systems, 2004. (MASCOTS 2004). Proceedings. The IEEE Computer Society's 12th Annual International Symposium on},
title={Statistical selection of compiler options},
year={2004},
pages={494-501},
keywords={iterative methods;optimisation;program compilers;statistical analysis;automatic iterative procedure;code optimization;compiler options;compiler switches;negative interference;orthogonal arrays;statistical analysis;statistical selection;target architecture;Computational modeling;Embedded system;Interference;Optimizing compilers;Program processors;Programming profession;Real time systems;Statistical analysis;Switches;Telecommunication computing},
doi={10.1109/MASCOT.2004.1348305},
ISSN={1526-7539},
month={Oct},}

@article{Pan:2008:taco,
 author = {Pan, Zhelong and Eigenmann, Rudolf},
 title = {PEAK\&Mdash;a Fast and Effective Performance Tuning System via Compiler Optimization Orchestration},
 journal = {ACM Trans. Program. Lang. Syst.},
 issue_date = {May 2008},
 volume = {30},
 number = {3},
 month = may,
 year = {2008},
 issn = {0164-0925},
 pages = {17:1--17:43},
 articleno = {17},
 numpages = {43},
 url = {http://doi.acm.org/10.1145/1353445.1353451},
 doi = {10.1145/1353445.1353451},
 acmid = {1353451},
 publisher = {ACM},
 address = {New York, NY, USA},
 keywords = {Performance tuning, dynamic compilation, optimization orchestration},
}

@inproceedings{cere,
  title = {Piecewise Holistic Autotuning of Compiler and Runtime Parameters},
  author = {Popov, Mihail and Akel, Chadi and Jalby, William and Castro, Pablo de Oliveira},
  booktitle = {Euro-Par 2016 Parallel Processing - 22nd International Conference},
  year = {2016},
  pages = {238-250},
  ee = {http://dx.doi.org/10.1007/978-3-319-43659-3_18},
  editor = {Christos Kaklamanis and Theodore S. Papatheodorou and Paul G. Spirakis},
  series = {Lecture Notes in Computer Science},
  volume = {9833},
  isbn = {978-3-319-43659-3}
}

@article{OpenMP,
	Author = {Dagum, L. and Menon, R.},
	Doi = {10.1109/99.660313},
	Issn = {1070-9924},
	Journal = {Computational Science Engineering, IEEE},
	Month = {jan-mar},
	Number = {1},
	Pages = {46 -55},
	Title = {{O}pen{MP}: an industry standard {API} for shared-memory programming},
	Volume = {5},
	Year = {1998},
	Bdsk-Url-1 = {http://dx.doi.org/10.1109/99.660313}}


